%YAML 1.1
%TAG !u! tag:unity3d.com,2011:
--- !u!1 &7374157867492061167
GameObject:
  m_ObjectHideFlags: 0
  m_CorrespondingSourceObject: {fileID: 0}
  m_PrefabInstance: {fileID: 0}
  m_PrefabAsset: {fileID: 0}
  serializedVersion: 6
  m_Component:
  - component: {fileID: 7374157867492061168}
  - component: {fileID: 7374157867492061166}
  - component: {fileID: 7374157867492061169}
  - component: {fileID: 7374157867492061171}
  m_Layer: 0
  m_Name: Player
  m_TagString: Untagged
  m_Icon: {fileID: 0}
  m_NavMeshLayer: 0
  m_StaticEditorFlags: 0
  m_IsActive: 1
--- !u!4 &7374157867492061168
Transform:
  m_ObjectHideFlags: 0
  m_CorrespondingSourceObject: {fileID: 0}
  m_PrefabInstance: {fileID: 0}
  m_PrefabAsset: {fileID: 0}
  m_GameObject: {fileID: 7374157867492061167}
  m_LocalRotation: {x: 0, y: 0, z: 0, w: 1}
  m_LocalPosition: {x: 4.59, y: -0.05, z: -4.18}
  m_LocalScale: {x: 1, y: 1, z: 1}
  m_Children:
  - {fileID: 7374157867777720803}
  m_Father: {fileID: 0}
  m_RootOrder: 0
  m_LocalEulerAnglesHint: {x: 0, y: 0, z: 0}
--- !u!143 &7374157867492061166
CharacterController:
  m_ObjectHideFlags: 0
  m_CorrespondingSourceObject: {fileID: 0}
  m_PrefabInstance: {fileID: 0}
  m_PrefabAsset: {fileID: 0}
  m_GameObject: {fileID: 7374157867492061167}
  m_Material: {fileID: 0}
  m_IsTrigger: 0
  m_Enabled: 1
  serializedVersion: 2
  m_Height: 1.4
  m_Radius: 0.2
  m_SlopeLimit: 45
  m_StepOffset: 0.3
  m_SkinWidth: 0.08
  m_MinMoveDistance: 0.001
  m_Center: {x: 0, y: 0.9, z: 0}
--- !u!114 &7374157867492061169
MonoBehaviour:
  m_ObjectHideFlags: 0
  m_CorrespondingSourceObject: {fileID: 0}
  m_PrefabInstance: {fileID: 0}
  m_PrefabAsset: {fileID: 0}
  m_GameObject: {fileID: 7374157867492061167}
  m_Enabled: 1
  m_EditorHideFlags: 0
  m_Script: {fileID: 11500000, guid: 0806fa38ca7bbba4390f935a2769009c, type: 3}
  m_Name: 
  m_EditorClassIdentifier: 
  ControlCharacter: {fileID: 7374157867492061166}
  movementSpeed: 4.5
  rotationSpeed: 1
  PlayerAnimator: {fileID: 7374157867770572351}
--- !u!114 &7374157867492061171
MonoBehaviour:
  m_ObjectHideFlags: 0
  m_CorrespondingSourceObject: {fileID: 0}
  m_PrefabInstance: {fileID: 0}
  m_PrefabAsset: {fileID: 0}
  m_GameObject: {fileID: 7374157867492061167}
  m_Enabled: 1
  m_EditorHideFlags: 0
  m_Script: {fileID: 11500000, guid: b09c96c4626bc1a49b79c855dc0d5e97, type: 3}
  m_Name: 
  m_EditorClassIdentifier: 
  CameraPlayer: {fileID: 0}
  _PlayerController: {fileID: 7374157867492061169}
  _damage: 10
  isCanShoot: 1
--- !u!1001 &7374157866995364942
PrefabInstance:
  m_ObjectHideFlags: 0
  serializedVersion: 2
  m_Modification:
    m_TransformParent: {fileID: 7374157867777720817}
    m_Modifications:
    - target: {fileID: 100000, guid: 6ca764db2ff8ce6488c85f70df48e566, type: 3}
      propertyPath: m_Name
      value: ThirdPersonMuzzleFlash (fbx)
      objectReference: {fileID: 0}
    - target: {fileID: 100000, guid: 6ca764db2ff8ce6488c85f70df48e566, type: 3}
      propertyPath: m_IsActive
      value: 0
      objectReference: {fileID: 0}
    - target: {fileID: 400000, guid: 6ca764db2ff8ce6488c85f70df48e566, type: 3}
      propertyPath: m_RootOrder
      value: 1
      objectReference: {fileID: 0}
    - target: {fileID: 400000, guid: 6ca764db2ff8ce6488c85f70df48e566, type: 3}
      propertyPath: m_LocalScale.x
      value: 0.26471588
      objectReference: {fileID: 0}
    - target: {fileID: 400000, guid: 6ca764db2ff8ce6488c85f70df48e566, type: 3}
      propertyPath: m_LocalScale.y
      value: 0.37103093
      objectReference: {fileID: 0}
    - target: {fileID: 400000, guid: 6ca764db2ff8ce6488c85f70df48e566, type: 3}
      propertyPath: m_LocalScale.z
      value: 0.29316977
      objectReference: {fileID: 0}
    - target: {fileID: 400000, guid: 6ca764db2ff8ce6488c85f70df48e566, type: 3}
      propertyPath: m_LocalPosition.x
      value: -1.282
      objectReference: {fileID: 0}
    - target: {fileID: 400000, guid: 6ca764db2ff8ce6488c85f70df48e566, type: 3}
      propertyPath: m_LocalPosition.y
      value: 0.019
      objectReference: {fileID: 0}
    - target: {fileID: 400000, guid: 6ca764db2ff8ce6488c85f70df48e566, type: 3}
      propertyPath: m_LocalPosition.z
      value: 0.16
      objectReference: {fileID: 0}
    - target: {fileID: 400000, guid: 6ca764db2ff8ce6488c85f70df48e566, type: 3}
      propertyPath: m_LocalRotation.w
      value: -0.67790824
      objectReference: {fileID: 0}
    - target: {fileID: 400000, guid: 6ca764db2ff8ce6488c85f70df48e566, type: 3}
      propertyPath: m_LocalRotation.x
      value: -0.22327249
      objectReference: {fileID: 0}
    - target: {fileID: 400000, guid: 6ca764db2ff8ce6488c85f70df48e566, type: 3}
      propertyPath: m_LocalRotation.y
      value: -0.22626291
      objectReference: {fileID: 0}
    - target: {fileID: 400000, guid: 6ca764db2ff8ce6488c85f70df48e566, type: 3}
      propertyPath: m_LocalRotation.z
      value: 0.6628687
      objectReference: {fileID: 0}
    - target: {fileID: 400000, guid: 6ca764db2ff8ce6488c85f70df48e566, type: 3}
      propertyPath: m_LocalEulerAnglesHint.x
      value: 37.062
      objectReference: {fileID: 0}
    - target: {fileID: 400000, guid: 6ca764db2ff8ce6488c85f70df48e566, type: 3}
      propertyPath: m_LocalEulerAnglesHint.y
      value: 0.773
      objectReference: {fileID: 0}
    - target: {fileID: 400000, guid: 6ca764db2ff8ce6488c85f70df48e566, type: 3}
      propertyPath: m_LocalEulerAnglesHint.z
      value: -88.455
      objectReference: {fileID: 0}
    m_RemovedComponents: []
  m_SourcePrefab: {fileID: 100100000, guid: 6ca764db2ff8ce6488c85f70df48e566, type: 3}
--- !u!1001 &7374157867777858399
PrefabInstance:
  m_ObjectHideFlags: 0
  serializedVersion: 2
  m_Modification:
    m_TransformParent: {fileID: 7374157867492061168}
    m_Modifications:
    - target: {fileID: 100060, guid: fcb334eb247ae3e488abb081c847cf09, type: 3}
      propertyPath: m_Name
      value: Soldier_demo
      objectReference: {fileID: 0}
    - target: {fileID: 400000, guid: fcb334eb247ae3e488abb081c847cf09, type: 3}
      propertyPath: m_LocalEulerAnglesHint.x
      value: -84.81998
      objectReference: {fileID: 0}
    - target: {fileID: 400000, guid: fcb334eb247ae3e488abb081c847cf09, type: 3}
      propertyPath: m_LocalEulerAnglesHint.y
      value: -11.169871
      objectReference: {fileID: 0}
    - target: {fileID: 400000, guid: fcb334eb247ae3e488abb081c847cf09, type: 3}
      propertyPath: m_LocalEulerAnglesHint.z
      value: 105.13172
      objectReference: {fileID: 0}
    - target: {fileID: 400004, guid: fcb334eb247ae3e488abb081c847cf09, type: 3}
      propertyPath: m_LocalEulerAnglesHint.x
      value: 41.82785
      objectReference: {fileID: 0}
    - target: {fileID: 400004, guid: fcb334eb247ae3e488abb081c847cf09, type: 3}
      propertyPath: m_LocalEulerAnglesHint.y
      value: 21.689291
      objectReference: {fileID: 0}
    - target: {fileID: 400004, guid: fcb334eb247ae3e488abb081c847cf09, type: 3}
      propertyPath: m_LocalEulerAnglesHint.z
      value: 27.899412
      objectReference: {fileID: 0}
    - target: {fileID: 400008, guid: fcb334eb247ae3e488abb081c847cf09, type: 3}
      propertyPath: m_LocalEulerAnglesHint.x
      value: -0.00000041915257
      objectReference: {fileID: 0}
    - target: {fileID: 400008, guid: fcb334eb247ae3e488abb081c847cf09, type: 3}
      propertyPath: m_LocalEulerAnglesHint.y
      value: 0.0000012832126
      objectReference: {fileID: 0}
    - target: {fileID: 400008, guid: fcb334eb247ae3e488abb081c847cf09, type: 3}
      propertyPath: m_LocalEulerAnglesHint.z
      value: 36.52422
      objectReference: {fileID: 0}
    - target: {fileID: 400010, guid: fcb334eb247ae3e488abb081c847cf09, type: 3}
      propertyPath: m_LocalEulerAnglesHint.x
      value: 0.9077863
      objectReference: {fileID: 0}
    - target: {fileID: 400010, guid: fcb334eb247ae3e488abb081c847cf09, type: 3}
      propertyPath: m_LocalEulerAnglesHint.y
      value: -86.03198
      objectReference: {fileID: 0}
    - target: {fileID: 400010, guid: fcb334eb247ae3e488abb081c847cf09, type: 3}
      propertyPath: m_LocalEulerAnglesHint.z
      value: 167.76234
      objectReference: {fileID: 0}
    - target: {fileID: 400012, guid: fcb334eb247ae3e488abb081c847cf09, type: 3}
      propertyPath: m_LocalEulerAnglesHint.x
      value: -10.265856
      objectReference: {fileID: 0}
    - target: {fileID: 400012, guid: fcb334eb247ae3e488abb081c847cf09, type: 3}
      propertyPath: m_LocalEulerAnglesHint.y
      value: 5.832505
      objectReference: {fileID: 0}
    - target: {fileID: 400012, guid: fcb334eb247ae3e488abb081c847cf09, type: 3}
      propertyPath: m_LocalEulerAnglesHint.z
      value: -30.331068
      objectReference: {fileID: 0}
    - target: {fileID: 400016, guid: fcb334eb247ae3e488abb081c847cf09, type: 3}
      propertyPath: m_LocalEulerAnglesHint.x
      value: -7.2141643
      objectReference: {fileID: 0}
    - target: {fileID: 400016, guid: fcb334eb247ae3e488abb081c847cf09, type: 3}
      propertyPath: m_LocalEulerAnglesHint.y
      value: 6.577837
      objectReference: {fileID: 0}
    - target: {fileID: 400016, guid: fcb334eb247ae3e488abb081c847cf09, type: 3}
      propertyPath: m_LocalEulerAnglesHint.z
      value: -7.5739365
      objectReference: {fileID: 0}
    - target: {fileID: 400018, guid: fcb334eb247ae3e488abb081c847cf09, type: 3}
      propertyPath: m_LocalEulerAnglesHint.x
      value: 0.0000032232535
      objectReference: {fileID: 0}
    - target: {fileID: 400018, guid: fcb334eb247ae3e488abb081c847cf09, type: 3}
      propertyPath: m_LocalEulerAnglesHint.y
      value: -0.0000020467603
      objectReference: {fileID: 0}
    - target: {fileID: 400018, guid: fcb334eb247ae3e488abb081c847cf09, type: 3}
      propertyPath: m_LocalEulerAnglesHint.z
      value: 84.149574
      objectReference: {fileID: 0}
    - target: {fileID: 400020, guid: fcb334eb247ae3e488abb081c847cf09, type: 3}
      propertyPath: m_LocalEulerAnglesHint.x
      value: 17.494488
      objectReference: {fileID: 0}
    - target: {fileID: 400020, guid: fcb334eb247ae3e488abb081c847cf09, type: 3}
      propertyPath: m_LocalEulerAnglesHint.y
      value: 165.60272
      objectReference: {fileID: 0}
    - target: {fileID: 400020, guid: fcb334eb247ae3e488abb081c847cf09, type: 3}
      propertyPath: m_LocalEulerAnglesHint.z
      value: 159.87396
      objectReference: {fileID: 0}
    - target: {fileID: 400022, guid: fcb334eb247ae3e488abb081c847cf09, type: 3}
      propertyPath: m_LocalEulerAnglesHint.x
      value: -27.876604
      objectReference: {fileID: 0}
    - target: {fileID: 400022, guid: fcb334eb247ae3e488abb081c847cf09, type: 3}
      propertyPath: m_LocalEulerAnglesHint.y
      value: 176.4601
      objectReference: {fileID: 0}
    - target: {fileID: 400022, guid: fcb334eb247ae3e488abb081c847cf09, type: 3}
      propertyPath: m_LocalEulerAnglesHint.z
      value: -30.197334
      objectReference: {fileID: 0}
    - target: {fileID: 400024, guid: fcb334eb247ae3e488abb081c847cf09, type: 3}
      propertyPath: m_LocalEulerAnglesHint.x
      value: 3.580729
      objectReference: {fileID: 0}
    - target: {fileID: 400024, guid: fcb334eb247ae3e488abb081c847cf09, type: 3}
      propertyPath: m_LocalEulerAnglesHint.y
      value: 0.0021792424
      objectReference: {fileID: 0}
    - target: {fileID: 400024, guid: fcb334eb247ae3e488abb081c847cf09, type: 3}
      propertyPath: m_LocalEulerAnglesHint.z
      value: -90.027756
      objectReference: {fileID: 0}
    - target: {fileID: 400028, guid: fcb334eb247ae3e488abb081c847cf09, type: 3}
      propertyPath: m_LocalEulerAnglesHint.x
      value: -11.869615
      objectReference: {fileID: 0}
    - target: {fileID: 400028, guid: fcb334eb247ae3e488abb081c847cf09, type: 3}
      propertyPath: m_LocalEulerAnglesHint.y
      value: -40.379406
      objectReference: {fileID: 0}
    - target: {fileID: 400028, guid: fcb334eb247ae3e488abb081c847cf09, type: 3}
      propertyPath: m_LocalEulerAnglesHint.z
      value: 49.78199
      objectReference: {fileID: 0}
    - target: {fileID: 400030, guid: fcb334eb247ae3e488abb081c847cf09, type: 3}
      propertyPath: m_LocalEulerAnglesHint.x
      value: 0.000004317761
      objectReference: {fileID: 0}
    - target: {fileID: 400030, guid: fcb334eb247ae3e488abb081c847cf09, type: 3}
      propertyPath: m_LocalEulerAnglesHint.y
      value: 0.00004347323
      objectReference: {fileID: 0}
    - target: {fileID: 400030, guid: fcb334eb247ae3e488abb081c847cf09, type: 3}
      propertyPath: m_LocalEulerAnglesHint.z
      value: -14.950255
      objectReference: {fileID: 0}
    - target: {fileID: 400032, guid: fcb334eb247ae3e488abb081c847cf09, type: 3}
      propertyPath: m_LocalEulerAnglesHint.x
      value: -61.659004
      objectReference: {fileID: 0}
    - target: {fileID: 400032, guid: fcb334eb247ae3e488abb081c847cf09, type: 3}
      propertyPath: m_LocalEulerAnglesHint.y
      value: -80.787926
      objectReference: {fileID: 0}
    - target: {fileID: 400032, guid: fcb334eb247ae3e488abb081c847cf09, type: 3}
      propertyPath: m_LocalEulerAnglesHint.z
      value: 171.94792
      objectReference: {fileID: 0}
    - target: {fileID: 400034, guid: fcb334eb247ae3e488abb081c847cf09, type: 3}
      propertyPath: m_LocalEulerAnglesHint.x
      value: 0.0000008635296
      objectReference: {fileID: 0}
    - target: {fileID: 400034, guid: fcb334eb247ae3e488abb081c847cf09, type: 3}
      propertyPath: m_LocalEulerAnglesHint.y
      value: -0.0000015337102
      objectReference: {fileID: 0}
    - target: {fileID: 400034, guid: fcb334eb247ae3e488abb081c847cf09, type: 3}
      propertyPath: m_LocalEulerAnglesHint.z
      value: 43.41719
      objectReference: {fileID: 0}
    - target: {fileID: 400036, guid: fcb334eb247ae3e488abb081c847cf09, type: 3}
      propertyPath: m_LocalEulerAnglesHint.x
      value: 0.76393986
      objectReference: {fileID: 0}
    - target: {fileID: 400036, guid: fcb334eb247ae3e488abb081c847cf09, type: 3}
      propertyPath: m_LocalEulerAnglesHint.y
      value: 75.843414
      objectReference: {fileID: 0}
    - target: {fileID: 400036, guid: fcb334eb247ae3e488abb081c847cf09, type: 3}
      propertyPath: m_LocalEulerAnglesHint.z
      value: -176.7882
      objectReference: {fileID: 0}
    - target: {fileID: 400038, guid: fcb334eb247ae3e488abb081c847cf09, type: 3}
      propertyPath: m_LocalEulerAnglesHint.x
      value: 5.413484
      objectReference: {fileID: 0}
    - target: {fileID: 400038, guid: fcb334eb247ae3e488abb081c847cf09, type: 3}
      propertyPath: m_LocalEulerAnglesHint.y
      value: -7.201084
      objectReference: {fileID: 0}
    - target: {fileID: 400038, guid: fcb334eb247ae3e488abb081c847cf09, type: 3}
      propertyPath: m_LocalEulerAnglesHint.z
      value: -52.611347
      objectReference: {fileID: 0}
    - target: {fileID: 400042, guid: fcb334eb247ae3e488abb081c847cf09, type: 3}
      propertyPath: m_LocalEulerAnglesHint.x
      value: -10.1103325
      objectReference: {fileID: 0}
    - target: {fileID: 400042, guid: fcb334eb247ae3e488abb081c847cf09, type: 3}
      propertyPath: m_LocalEulerAnglesHint.y
      value: -2.2307482
      objectReference: {fileID: 0}
    - target: {fileID: 400042, guid: fcb334eb247ae3e488abb081c847cf09, type: 3}
      propertyPath: m_LocalEulerAnglesHint.z
      value: -28.466497
      objectReference: {fileID: 0}
    - target: {fileID: 400044, guid: fcb334eb247ae3e488abb081c847cf09, type: 3}
      propertyPath: m_LocalEulerAnglesHint.x
      value: -0.0000025420002
      objectReference: {fileID: 0}
    - target: {fileID: 400044, guid: fcb334eb247ae3e488abb081c847cf09, type: 3}
      propertyPath: m_LocalEulerAnglesHint.y
      value: -0.0000028490037
      objectReference: {fileID: 0}
    - target: {fileID: 400044, guid: fcb334eb247ae3e488abb081c847cf09, type: 3}
      propertyPath: m_LocalEulerAnglesHint.z
      value: 111.69427
      objectReference: {fileID: 0}
    - target: {fileID: 400046, guid: fcb334eb247ae3e488abb081c847cf09, type: 3}
      propertyPath: m_LocalEulerAnglesHint.x
      value: 28.740038
      objectReference: {fileID: 0}
    - target: {fileID: 400046, guid: fcb334eb247ae3e488abb081c847cf09, type: 3}
      propertyPath: m_LocalEulerAnglesHint.y
      value: -156.17184
      objectReference: {fileID: 0}
    - target: {fileID: 400046, guid: fcb334eb247ae3e488abb081c847cf09, type: 3}
      propertyPath: m_LocalEulerAnglesHint.z
      value: -129.98276
      objectReference: {fileID: 0}
    - target: {fileID: 400048, guid: fcb334eb247ae3e488abb081c847cf09, type: 3}
      propertyPath: m_LocalEulerAnglesHint.x
      value: -2.1554382
      objectReference: {fileID: 0}
    - target: {fileID: 400048, guid: fcb334eb247ae3e488abb081c847cf09, type: 3}
      propertyPath: m_LocalEulerAnglesHint.y
      value: -172.26382
      objectReference: {fileID: 0}
    - target: {fileID: 400048, guid: fcb334eb247ae3e488abb081c847cf09, type: 3}
      propertyPath: m_LocalEulerAnglesHint.z
      value: -19.207792
      objectReference: {fileID: 0}
    - target: {fileID: 400050, guid: fcb334eb247ae3e488abb081c847cf09, type: 3}
      propertyPath: m_LocalEulerAnglesHint.x
      value: -0.000008537731
      objectReference: {fileID: 0}
    - target: {fileID: 400050, guid: fcb334eb247ae3e488abb081c847cf09, type: 3}
      propertyPath: m_LocalEulerAnglesHint.y
      value: -0.000043319378
      objectReference: {fileID: 0}
    - target: {fileID: 400050, guid: fcb334eb247ae3e488abb081c847cf09, type: 3}
      propertyPath: m_LocalEulerAnglesHint.z
      value: -89.999985
      objectReference: {fileID: 0}
    - target: {fileID: 400054, guid: fcb334eb247ae3e488abb081c847cf09, type: 3}
      propertyPath: m_LocalEulerAnglesHint.x
      value: -18.074827
      objectReference: {fileID: 0}
    - target: {fileID: 400054, guid: fcb334eb247ae3e488abb081c847cf09, type: 3}
      propertyPath: m_LocalEulerAnglesHint.y
      value: 14.160253
      objectReference: {fileID: 0}
    - target: {fileID: 400054, guid: fcb334eb247ae3e488abb081c847cf09, type: 3}
      propertyPath: m_LocalEulerAnglesHint.z
      value: 72.02348
      objectReference: {fileID: 0}
    - target: {fileID: 400056, guid: fcb334eb247ae3e488abb081c847cf09, type: 3}
      propertyPath: m_LocalEulerAnglesHint.x
      value: -1.7093035
      objectReference: {fileID: 0}
    - target: {fileID: 400056, guid: fcb334eb247ae3e488abb081c847cf09, type: 3}
      propertyPath: m_LocalEulerAnglesHint.y
      value: 1.446365
      objectReference: {fileID: 0}
    - target: {fileID: 400056, guid: fcb334eb247ae3e488abb081c847cf09, type: 3}
      propertyPath: m_LocalEulerAnglesHint.z
      value: -5.3876433
      objectReference: {fileID: 0}
    - target: {fileID: 400058, guid: fcb334eb247ae3e488abb081c847cf09, type: 3}
      propertyPath: m_LocalEulerAnglesHint.x
      value: -17.185364
      objectReference: {fileID: 0}
    - target: {fileID: 400058, guid: fcb334eb247ae3e488abb081c847cf09, type: 3}
      propertyPath: m_LocalEulerAnglesHint.y
      value: 1.8101168
      objectReference: {fileID: 0}
    - target: {fileID: 400058, guid: fcb334eb247ae3e488abb081c847cf09, type: 3}
      propertyPath: m_LocalEulerAnglesHint.z
      value: -7.228779
      objectReference: {fileID: 0}
    - target: {fileID: 400060, guid: fcb334eb247ae3e488abb081c847cf09, type: 3}
      propertyPath: m_RootOrder
      value: 0
      objectReference: {fileID: 0}
    - target: {fileID: 400060, guid: fcb334eb247ae3e488abb081c847cf09, type: 3}
      propertyPath: m_LocalScale.x
      value: 0.7
      objectReference: {fileID: 0}
    - target: {fileID: 400060, guid: fcb334eb247ae3e488abb081c847cf09, type: 3}
      propertyPath: m_LocalScale.y
      value: 0.7
      objectReference: {fileID: 0}
    - target: {fileID: 400060, guid: fcb334eb247ae3e488abb081c847cf09, type: 3}
      propertyPath: m_LocalScale.z
      value: 0.7
      objectReference: {fileID: 0}
    - target: {fileID: 400060, guid: fcb334eb247ae3e488abb081c847cf09, type: 3}
      propertyPath: m_LocalPosition.x
      value: 0
      objectReference: {fileID: 0}
    - target: {fileID: 400060, guid: fcb334eb247ae3e488abb081c847cf09, type: 3}
      propertyPath: m_LocalPosition.y
      value: 0.148
      objectReference: {fileID: 0}
    - target: {fileID: 400060, guid: fcb334eb247ae3e488abb081c847cf09, type: 3}
      propertyPath: m_LocalPosition.z
      value: 0
      objectReference: {fileID: 0}
    - target: {fileID: 400060, guid: fcb334eb247ae3e488abb081c847cf09, type: 3}
      propertyPath: m_LocalRotation.w
      value: 1
      objectReference: {fileID: 0}
    - target: {fileID: 400060, guid: fcb334eb247ae3e488abb081c847cf09, type: 3}
      propertyPath: m_LocalRotation.x
      value: -0
      objectReference: {fileID: 0}
    - target: {fileID: 400060, guid: fcb334eb247ae3e488abb081c847cf09, type: 3}
      propertyPath: m_LocalRotation.y
      value: -0
      objectReference: {fileID: 0}
    - target: {fileID: 400060, guid: fcb334eb247ae3e488abb081c847cf09, type: 3}
      propertyPath: m_LocalRotation.z
      value: -0
      objectReference: {fileID: 0}
    - target: {fileID: 400060, guid: fcb334eb247ae3e488abb081c847cf09, type: 3}
      propertyPath: m_LocalEulerAnglesHint.x
      value: 0
      objectReference: {fileID: 0}
    - target: {fileID: 400060, guid: fcb334eb247ae3e488abb081c847cf09, type: 3}
      propertyPath: m_LocalEulerAnglesHint.y
      value: 0
      objectReference: {fileID: 0}
    - target: {fileID: 400060, guid: fcb334eb247ae3e488abb081c847cf09, type: 3}
      propertyPath: m_LocalEulerAnglesHint.z
      value: 0
      objectReference: {fileID: 0}
    - target: {fileID: 400062, guid: fcb334eb247ae3e488abb081c847cf09, type: 3}
      propertyPath: m_LocalRotation.w
      value: 0.7071068
      objectReference: {fileID: 0}
    - target: {fileID: 400062, guid: fcb334eb247ae3e488abb081c847cf09, type: 3}
      propertyPath: m_LocalRotation.x
      value: -0.7071068
      objectReference: {fileID: 0}
    - target: {fileID: 400062, guid: fcb334eb247ae3e488abb081c847cf09, type: 3}
      propertyPath: m_LocalRotation.z
      value: 0
      objectReference: {fileID: 0}
    - target: {fileID: 400062, guid: fcb334eb247ae3e488abb081c847cf09, type: 3}
      propertyPath: m_LocalEulerAnglesHint.x
      value: -90
      objectReference: {fileID: 0}
    - target: {fileID: 9500000, guid: fcb334eb247ae3e488abb081c847cf09, type: 3}
      propertyPath: m_Controller
      value: 
      objectReference: {fileID: 9100000, guid: af755ac46e4fa3b47af797c258adbdf5, type: 2}
    m_RemovedComponents: []
  m_SourcePrefab: {fileID: 100100000, guid: fcb334eb247ae3e488abb081c847cf09, type: 3}
--- !u!4 &7374157867777720803 stripped
Transform:
  m_CorrespondingSourceObject: {fileID: 400060, guid: fcb334eb247ae3e488abb081c847cf09, type: 3}
  m_PrefabInstance: {fileID: 7374157867777858399}
  m_PrefabAsset: {fileID: 0}
--- !u!95 &7374157867770572351 stripped
Animator:
  m_CorrespondingSourceObject: {fileID: 9500000, guid: fcb334eb247ae3e488abb081c847cf09, type: 3}
  m_PrefabInstance: {fileID: 7374157867777858399}
  m_PrefabAsset: {fileID: 0}
--- !u!4 &7374157867777720817 stripped
Transform:
  m_CorrespondingSourceObject: {fileID: 400046, guid: fcb334eb247ae3e488abb081c847cf09, type: 3}
  m_PrefabInstance: {fileID: 7374157867777858399}
  m_PrefabAsset: {fileID: 0}
